@book{nintendoHistory,
  author    = {David Sheff},
  title     = {Game Over: How Nintendo Conquered the World},
  year      = {1993},
  publisher = {Random House}
}

@article{donkeyKong,
  author  = {Gunpei Yokoi},
  title   = {The Origins of Donkey Kong},
  journal = {Game Developer Magazine},
  year    = {1982},
  volume  = {5},
  number  = {3},
  pages   = {22--30}
}

@book{superMarioBros,
  author    = {Shigeru Miyamoto},
  title     = {Super Mario Bros.: The Official Book},
  year      = {1985},
  publisher = {Nintendo}
}

@book{nintendoConsoles,
  author    = {Timmy McGowan},
  title     = {The Evolution of Nintendo Consoles},
  year      = {2015},
  publisher = {Tech Press}
}

@article{nintendoSales,
  author  = {Emily Tan},
  title   = {Sales Figures of Nintendo Consoles},
  journal = {Gaming Quarterly},
  year    = {2020},
  volume  = {12},
  number  = {4},
  pages   = {56--64}
}

@book{marioGames,
  author    = {Kenji Miki},
  title     = {Mario Through the Ages},
  year      = {2021},
  publisher = {Game History Press}
}

@article{marioCulturalImpact,
  author  = {Sara Lee},
  title   = {The Cultural Impact of Super Mario},
  journal = {Cultural Studies Review},
  year    = {2019},
  volume  = {8},
  number  = {2},
  pages   = {120--135}
}

@book{nintendoFuture,
  author    = {John Carter},
  title     = {Nintendo: The Next Generation},
  year      = {2023},
  publisher = {Future Tech Books}
}

@book{marioLegacy,
  author    = {Naoko Takahashi},
  title     = {The Legacy of Super Mario},
  year      = {2024},
  publisher = {Iconic Games Publishing}
}

@article{marioOrigins,
  author  = {Hiroshi Yamauchi},
  title   = {The Origins of Super Mario},
  journal = {Retro Gamer},
  year    = {2018},
  volume  = {15},
  number  = {7},
  pages   = {44--50}
}

