@article{ref1,
  author = {Author A},
  title = {The Birth of Super Mario},
  journal = {Journal of Gaming},
  year = {2000},
  volume = {1},
  pages = {1-10},
}

@article{ref2,
  author = {Author B},
  title = {Shigeru Miyamoto: The Creator of Mario},
  journal = {Gaming History},
  year = {2005},
  volume = {2},
  pages = {20-30},
}

@book{ref3,
  author = {Author C},
  title = {The History of Nintendo},
  publisher = {Gaming Press},
  year = {2010},
}

@article{ref4,
  author = {Author D},
  title = {Nintendo's Entry into Video Games},
  journal = {Gaming Industry Journal},
  year = {2015},
  volume = {3},
  pages = {40-50},
}

@article{ref5,
  author = {Author E},
  title = {The Impact of the NES},
  journal = {Gaming Technology},
  year = {2020},
  volume = {4},
  pages = {60-70},
}

@article{ref6,
  author = {Author F},
  title = {Super Mario Bros. (1985)},
  journal = {Classic Gaming},
  year = {2018},
  volume = {5},
  pages = {80-90},
}

@article{ref7,
  author = {Author G},
  title = {Super Mario World (1990)},
  journal = {Retro Gaming},
  year = {2019},
  volume = {6},
  pages = {100-110},
}

@article{ref8,
  author = {Author H},
  title = {Super Mario Odyssey (2017)},
  journal = {Modern Gaming},
  year = {2021},
  volume = {7},
  pages = {120-130},
}

@article{ref9,
  author = {Author I},
  title = {The Impact of Super Mario on Gaming},
  journal = {Gaming Impact},
  year = {2022},
  volume = {8},
  pages = {140-150},
}

@article{ref10,
  author = {Author J},
  title = {Nintendo's Legacy in the Gaming Industry},
  journal = {Gaming Legacy},
  year = {2023},
  volume = {9},
  pages = {160-170},
}

